<record><leader>00000cas a2200000 a 4500</leader><controlfield tag="001">11242626</controlfield><controlfield tag="008">841009d18891910ksuwr ne      0   a0eng c</controlfield><controlfield tag="009">3789</controlfield><datafield ind1=" " ind2=" " tag="010"><subfield code="a">sn 84029853 </subfield></datafield><datafield ind1=" " ind2=" " tag="040"><subfield code="a">KSH</subfield><subfield code="b">eng</subfield><subfield code="c">KSH</subfield><subfield code="d">NPT</subfield><subfield code="d">OCL</subfield><subfield code="d">DLC</subfield><subfield code="d">OCLCF</subfield></datafield><datafield ind1=" " ind2=" " tag="012"><subfield code="l">a</subfield></datafield><datafield ind1="0" ind2=" " tag="022"><subfield code="a">2163-4475</subfield><subfield code="2">1</subfield></datafield><datafield ind1=" " ind2=" " tag="042"><subfield code="a">pcc</subfield><subfield code="a">nsdp</subfield></datafield><datafield ind1=" " ind2=" " tag="043"><subfield code="a">n-us-ks</subfield></datafield><datafield ind1="0" ind2="0" tag="050"><subfield code="a">Newspaper</subfield></datafield><datafield ind1="1" ind2="0" tag="082"><subfield code="a">070</subfield><subfield code="2">14</subfield></datafield><datafield ind1=" " ind2="4" tag="222"><subfield code="a">The Globe-republican</subfield></datafield><datafield ind1="0" ind2="4" tag="245"><subfield code="a">The Globe-republican.</subfield></datafield><datafield ind1="0" ind2="0" tag="246"><subfield code="a">Globe republican</subfield></datafield><datafield ind1=" " ind2=" " tag="260"><subfield code="a">Dodge City, Kan. :</subfield><subfield code="b">Globe-Republican Pub. Co.,</subfield><subfield code="c">1889-1910.</subfield></datafield><datafield ind1=" " ind2=" " tag="300"><subfield code="a">22 v. :</subfield><subfield code="b">ill. ;</subfield><subfield code="c">58 cm.</subfield></datafield><datafield ind1=" " ind2=" " tag="310"><subfield code="a">Weekly</subfield></datafield><datafield ind1="0" ind2=" " tag="362"><subfield code="a">Vol. 12, no. 52 (Oct. 23, 1889)-v. 34, no. 9 (Nov. 24, 1910).</subfield></datafield><datafield ind1=" " ind2=" " tag="500"><subfield code="a">Publisher varies.</subfield></datafield><datafield ind1=" " ind2=" " tag="525"><subfield code="a">Has occasional supplements.</subfield></datafield><datafield ind1=" " ind2=" " tag="530"><subfield code="a">Archived issues are available in digital format as part of the Library of Congress Chronicling America online collection.</subfield></datafield><datafield ind1=" " ind2="0" tag="651"><subfield code="a">Dodge City (Kan.)</subfield><subfield code="v">Newspapers.</subfield></datafield><datafield ind1=" " ind2="7" tag="655"><subfield code="a">Newspapers.</subfield><subfield code="2">fast</subfield><subfield code="0">(OCoLC)fst01423814</subfield></datafield><datafield ind1=" " ind2="7" tag="651"><subfield code="a">Kansas</subfield><subfield code="z">Dodge City.</subfield><subfield code="2">fast</subfield><subfield code="0">(OCoLC)fst01217318</subfield></datafield><datafield ind1=" " ind2=" " tag="752"><subfield code="a">United States</subfield><subfield code="b">Kansas</subfield><subfield code="c">Ford</subfield><subfield code="d">Dodge City.</subfield></datafield><datafield ind1="0" ind2="4" tag="780"><subfield code="t">Ford County republican</subfield><subfield code="w">(DLC)sn 84029854</subfield></datafield><datafield ind1="0" ind2="4" tag="780"><subfield code="t">Globe live stock journal</subfield><subfield code="w">(DLC)sn 84029852</subfield></datafield><datafield ind1="0" ind2="5" tag="780"><subfield code="t">Dodge City echo</subfield><subfield code="g">May 29, 1893</subfield><subfield code="w">(DLC)sn 84029841</subfield></datafield><datafield ind1="0" ind2="0" tag="785"><subfield code="t">Dodge City globe</subfield><subfield code="w">(DLC)sn 84029855</subfield></datafield><datafield ind1="4" ind2="1" tag="856"><subfield code="u">http://www.loc.gov/chroniclingamerica/lccn/sn84029853/issues</subfield></datafield></record>